<record><leader>00000cas a2200000   4500</leader><controlfield tag="001">5011225</controlfield><controlfield tag="008">790529d19uu19uufluwr ne      0   a0eng d</controlfield><controlfield tag="009">467</controlfield><datafield ind1=" " ind2=" " tag="010"><subfield code="a">sn 79003843 </subfield></datafield><datafield ind1=" " ind2=" " tag="040"><subfield code="a">NSD</subfield><subfield code="b">eng</subfield><subfield code="c">NSD</subfield><subfield code="d">OCL</subfield><subfield code="d">NSD</subfield><subfield code="d">OCL</subfield><subfield code="d">OCLCQ</subfield></datafield><datafield ind1=" " ind2=" " tag="012"><subfield code="k">1</subfield><subfield code="m">d</subfield></datafield><datafield ind1="1" ind2=" " tag="022"><subfield code="a">0191-5169</subfield><subfield code="l">0191-5169</subfield><subfield code="2">1</subfield></datafield><datafield ind1=" " ind2=" " tag="042"><subfield code="a">nsdp</subfield></datafield><datafield ind1=" " ind2="4" tag="222"><subfield code="a">The Halifax shopping guide</subfield></datafield><datafield ind1="0" ind2="4" tag="245"><subfield code="a">The Halifax shopping guide.</subfield></datafield><datafield ind1=" " ind2=" " tag="260"><subfield code="a">Ormond Beach, Fla.,</subfield><subfield code="b">Ormond Beach Pub. Co.</subfield></datafield><datafield ind1="0" ind2="0" tag="785"><subfield code="t">Pennysaver shopping guide</subfield><subfield code="x">0279-4209</subfield></datafield><datafield ind1=" " ind2=" " tag="936"><subfield code="a">v. 4, no. 15</subfield></datafield></record>